@misc{ wiki:beamer,
    author = "{Wikipedia contributors}",
    title = "Beamer (LaTeX) --- {Wikipedia}{,} The Free Encyclopedia",
    year = "2018",
    url = "https://en.wikipedia.org/w/index.php?title=Beamer_(LaTeX)&oldid=837536500",
    note = "[Online; accessed 20-October-2018]"
  }