% Encoding: UTF-8

@Article{2017-Kim-p1-17,
  author        = {H. S. Kim and D. K. Kim},
  title         = {An Active-Matrix {OLED} Driver {CMOS} {IC} With Compensation of Non-Uniform Routing-Line Resistances in Ultra-Thin Panel Bezel},
  journal       = {IEEE Journal of Solid-State Circuits},
  year          = {2017},
  volume        = {PP},
  number        = {99},
  pages         = {1--17},
  issn          = {0018-9200},
  __markedentry = {[Iydon Xylocis:6]},
  doi           = {10.1109/JSSC.2017.2776306},
  keywords      = {Active matrix organic light emitting diodes, Integrated circuits, Resistance, Routing, Wiring, Active-matrix organic light-emitting diode (AMOLED), RC-uniformization, bezel, column-driver IC, inter-channel uniformity, output buffer amplifier, routing lines},
}

@InProceedings{2017-Emon-p974-978,
  author        = {D. H. Emon and H. K. Kim},
  title         = {Suspended nano scale QD-{OLED} on Si substrate},
  booktitle     = {Proc. IEEE 17th Int. Conf. Nanotechnology (IEEE-NANO)},
  year          = {2017},
  pages         = {974--978},
  month         = jul,
  __markedentry = {[Iydon Xylocis:6]},
  doi           = {10.1109/NANO.2017.8117356},
  keywords      = {III-V semiconductors, boron compounds, etching, nanofabrication, nanolithography, nanoparticles, nanopatterning, organic light emitting diodes, self-assembly, semiconductor growth, semiconductor quantum dots, two-dimensional electron gas, wide band gap semiconductors, 2DEG, BN, Si-SiO\textsubscript{2}, area injection, carrier injection mechanism originating, dry etching mask, electron injection, extra substrate area, junction area, low-voltage carrier injection, monolayer h-BN sheet, monolayer hexagonal boron nitride sheet, nanohole-patterned SiO\textsubscript{2}-Si substrate, nanoscale OLEDs, nanoscale etch windows, nanoscale quantum-dot organic light-emitting diode, nonlithographic method, suspended nanoscale QD-OLED, total device perimeter, two-dimensional electron gas system, utilized self-organized gold nanoparticles, voltage 1.0 V to 2.0 V, Gold, MODFETs, Nanoscale devices, Organic light emitting diodes, Silicon, Substrates, Surface treatment},
}

@InBook{2017-Koden-p232-232,
  pages         = {232-},
  title         = {{OLED} Materials},
  publisher     = {Wiley-IEEE Press},
  year          = {2017},
  author        = {Mitsuhiro Koden},
  isbn          = {9781119040477},
  __markedentry = {[Iydon Xylocis:6]},
  booktitle     = {OLED Displays and Lighting},
  doi           = {10.1002/9781119040477.ch4},
  keywords      = {Anodes, Charge carrier processes, Indium tin oxide, Organic light emitting diodes, Plastics, Surface morphology, Surface treatment},
  url           = {http://ieeexplore.ieee.orghttp://ieeexplore.ieee.org/xpl/articleDetails.jsp?arnumber=7827459},
}